@article{Eichlersmith_2023,
	doi = {10.1016/j.cpc.2023.108690},
  
	url = {https://doi.org/10.1016%2Fj.cpc.2023.108690},
  
	year = 2023,
	month = {jun},
  
	publisher = {Elsevier {BV}
},
  
	volume = {287},
  
	pages = {108690},
  
	author = {Tom Eichlersmith and Jeremiah Mans and Omar Moreno and Joseph Muse and Michael Revering and Natalia Toro},
  
	title = {Simulation of dark bremsstrahlung in Geant4},
  
	journal = {Computer Physics Communications}
}

@article{madgraph_2014,
    author = "Alwall, J. and Frederix, R. and Frixione, S. and Hirschi, V. and Maltoni, F. and Mattelaer, O. and Shao, H. -S. and Stelzer, T. and Torrielli, P. and Zaro, M.",
    title = "{The automated computation of tree-level and next-to-leading order differential cross sections, and their matching to parton shower simulations}",
    eprint = "1405.0301",
    archivePrefix = "arXiv",
    primaryClass = "hep-ph",
    reportNumber = "CERN-PH-TH-2014-064, CP3-14-18, LPN14-066, MCNET-14-09, ZU-TH-14-14",
    doi = "10.1007/JHEP07(2014)079",
    journal = "JHEP",
    volume = "07",
    pages = "079",
    year = "2014"
}
@article{darkgauge,
	doi = {10.1103/physrevd.80.075018},
	url = {https://doi.org/10.1103\%2Fphysrevd.80.075018},
	year = 2009,
	month = {oct},
	publisher = {American Physical Society ({APS})},
	volume = {80},
	number = {7},
	author = {James D. Bjorken and Rouven Essig and Philip Schuster and Natalia Toro},
	title = {New fixed-target experiments to search for dark gauge forces},
	journal = {Physical Review D}
}

@article{trackerTDR,
    author = {Karim\"aki, V.},
    editor = "Mannelli, M. and Siegrist, P. and Breuker, H. and Caner, A. and Castaldi, R. and Freudenreich, K. and Hall, G. and Horisberger, R. and Huhtinen, M. and Cattai, A.",
    collaboration = "CMS",
    title = "{The CMS tracker system project}: {Technical Design Report}",
    reportNumber = "CERN-LHCC-98-006, CMS-TDR-5, CERN-LHCC-98-006, CMS-TDR-5",
    year = "1997"
}
@misc{pixelUpgrade,
      title={The CMS Phase-1 Pixel Detector Upgrade}, 
      author={The Tracker Group of the CMS Collaboration},
      year={2020},
      eprint={2012.14304},
      archivePrefix={arXiv},
      primaryClass={physics.ins-det}
}

@misc{EcalDPG,
  author = "ECAL DPG",
  note = "ECAL channel masks for Run2018",
  howpublished = {\url{https://twiki.cern.ch/twiki/bin/view/CMS/EcalDPG#ECAL_conditions}},
}

@article{Sirunyan2018,
	doi = {10.1088/1748-0221/13/06/P06015},
	url = {https://dx.doi.org/10.1088/1748-0221/13/06/P06015},
	year = {2018},
	month = {jun},
	publisher = {},
	volume = {13},
	number = {06},
	pages = {P06015},
	author = {CMS Collaboration},
	title = {Performance of the CMS muon detector and muon reconstruction with proton-proton collisions at sqrt s=13 TeV},
	journal = {Journal of Instrumentation}
}

@article{trackFitting,
	author = {The CMS Collaboration},
	doi = {10.1088/1748-0221/9/10/P10009},
	journal = {Journal of Instrumentation},
	month = {oct},
	number = {10},
	pages = {P10009},
	publisher = {},
	title = {{Description and performance of track and primary-vertex reconstruction with the CMS tracker}},
	url = {https://dx.doi.org/10.1088/1748-0221/9/10/P10009},
	volume = {9},
	year = {2014}
}
